[gd_scene load_steps=11 format=2]

[ext_resource path="res://editor/RoomEditor.gd" type="Script" id=1]
[ext_resource path="res://editor/icons/icon_add.svg" type="Texture" id=2]
[ext_resource path="res://editor/icons/icon_remove.svg" type="Texture" id=3]
[ext_resource path="res://editor/VP.tscn" type="PackedScene" id=4]
[ext_resource path="res://icon.png" type="Texture" id=5]
[ext_resource path="res://editor/VPContainer.gd" type="Script" id=6]
[ext_resource path="res://editor/icons/icon_center_camera.svg" type="Texture" id=7]
[ext_resource path="res://editor/icons/icon_zoom_reset.svg" type="Texture" id=8]
[ext_resource path="res://editor/door_editor/DoorEditor.tscn" type="PackedScene" id=9]

[sub_resource type="StyleBoxEmpty" id=1]

[node name="RoomEditor" type="Control"]
anchor_right = 1.0
anchor_bottom = 1.0
rect_clip_content = true
size_flags_horizontal = 3
size_flags_vertical = 3
script = ExtResource( 1 )
__meta__ = {
"_edit_use_anchors_": false
}

[node name="panel" type="PanelContainer" parent="."]
anchor_right = 1.0
anchor_bottom = 1.0
mouse_filter = 1
__meta__ = {
"_edit_use_anchors_": false
}

[node name="vbox" type="VBoxContainer" parent="panel"]
margin_left = 7.0
margin_top = 7.0
margin_right = 1017.0
margin_bottom = 593.0

[node name="hbox_menu" type="HBoxContainer" parent="panel/vbox"]
margin_right = 1010.0
margin_bottom = 20.0

[node name="ButtonNew" type="Button" parent="panel/vbox/hbox_menu"]
margin_right = 40.0
margin_bottom = 20.0
text = "New"
__meta__ = {
"_edit_use_anchors_": false
}

[node name="ButtonOpen" type="Button" parent="panel/vbox/hbox_menu"]
margin_left = 44.0
margin_right = 91.0
margin_bottom = 20.0
text = "Open"

[node name="ButtonSave" type="Button" parent="panel/vbox/hbox_menu"]
margin_left = 95.0
margin_right = 136.0
margin_bottom = 20.0
text = "Save"

[node name="vsep" type="VSeparator" parent="panel/vbox/hbox_menu"]
margin_left = 140.0
margin_right = 150.0
margin_bottom = 20.0
custom_styles/separator = SubResource( 1 )
custom_constants/separation = 10

[node name="FilePath" type="Label" parent="panel/vbox/hbox_menu"]
modulate = Color( 1, 1, 1, 0.588235 )
margin_left = 154.0
margin_top = 3.0
margin_right = 194.0
margin_bottom = 17.0
text = "no file"

[node name="hsep" type="HSeparator" parent="panel/vbox"]
margin_top = 24.0
margin_right = 1010.0
margin_bottom = 28.0

[node name="hsplit" type="HSplitContainer" parent="panel/vbox"]
margin_top = 32.0
margin_right = 1010.0
margin_bottom = 586.0
mouse_filter = 1
size_flags_horizontal = 3
size_flags_vertical = 3

[node name="vbox_rooms" type="VBoxContainer" parent="panel/vbox/hsplit"]
margin_right = 120.0
margin_bottom = 554.0
rect_min_size = Vector2( 120, 0 )
size_flags_vertical = 3

[node name="hbox_top" type="HBoxContainer" parent="panel/vbox/hsplit/vbox_rooms"]
margin_right = 120.0
margin_bottom = 22.0

[node name="label" type="Label" parent="panel/vbox/hsplit/vbox_rooms/hbox_top"]
margin_top = 4.0
margin_right = 44.0
margin_bottom = 18.0
text = "Rooms"

[node name="ButtonAddRoom" type="Button" parent="panel/vbox/hsplit/vbox_rooms/hbox_top"]
margin_left = 48.0
margin_right = 76.0
margin_bottom = 22.0
icon = ExtResource( 2 )
__meta__ = {
"_edit_use_anchors_": false
}

[node name="ButtonRemoveRoom" type="Button" parent="panel/vbox/hsplit/vbox_rooms/hbox_top"]
margin_left = 80.0
margin_right = 108.0
margin_bottom = 22.0
icon = ExtResource( 3 )
__meta__ = {
"_edit_use_anchors_": false
}

[node name="scroll_list" type="ScrollContainer" parent="panel/vbox/hsplit/vbox_rooms"]
margin_top = 26.0
margin_right = 120.0
margin_bottom = 554.0
size_flags_vertical = 3

[node name="RoomList" type="ItemList" parent="panel/vbox/hsplit/vbox_rooms/scroll_list"]
margin_right = 120.0
margin_bottom = 528.0
size_flags_horizontal = 3
size_flags_vertical = 3
items = [ "Item 0", ExtResource( 5 ), false ]
select_mode = 1
allow_rmb_select = true
auto_height = true
fixed_icon_size = Vector2( 32, 32 )

[node name="room_canvas" type="VBoxContainer" parent="panel/vbox/hsplit"]
margin_left = 132.0
margin_right = 1010.0
margin_bottom = 554.0
size_flags_horizontal = 3
size_flags_vertical = 3

[node name="panel_tools" type="PanelContainer" parent="panel/vbox/hsplit/room_canvas"]
margin_right = 878.0
margin_bottom = 34.0
size_flags_horizontal = 3

[node name="HBoxContainer" type="HBoxContainer" parent="panel/vbox/hsplit/room_canvas/panel_tools"]
margin_left = 7.0
margin_top = 7.0
margin_right = 871.0
margin_bottom = 27.0

[node name="Button" type="Button" parent="panel/vbox/hsplit/room_canvas/panel_tools/HBoxContainer"]
margin_right = 48.0
margin_bottom = 20.0
size_flags_horizontal = 0
text = "botão"

[node name="Button2" type="Button" parent="panel/vbox/hsplit/room_canvas/panel_tools/HBoxContainer"]
margin_left = 52.0
margin_right = 100.0
margin_bottom = 20.0
size_flags_horizontal = 0
text = "botão"

[node name="VPContainer" type="ViewportContainer" parent="panel/vbox/hsplit/room_canvas"]
margin_top = 38.0
margin_right = 878.0
margin_bottom = 554.0
mouse_filter = 1
size_flags_horizontal = 3
size_flags_vertical = 3
stretch = true
script = ExtResource( 6 )
__meta__ = {
"_edit_use_anchors_": false
}

[node name="viewport" type="Viewport" parent="panel/vbox/hsplit/room_canvas/VPContainer"]
size = Vector2( 878, 516 )
handle_input_locally = false
usage = 0
render_target_update_mode = 3
physics_object_picking = true

[node name="VP" parent="panel/vbox/hsplit/room_canvas/VPContainer/viewport" instance=ExtResource( 4 )]
position = Vector2( 139, 77 )

[node name="hbox" type="HBoxContainer" parent="panel/vbox/hsplit/room_canvas/VPContainer"]
margin_left = 4.0
margin_top = 4.0
mouse_filter = 0

[node name="ButtonCenterCanvas" type="Button" parent="panel/vbox/hsplit/room_canvas/VPContainer/hbox"]
margin_right = 28.0
margin_bottom = 22.0
icon = ExtResource( 7 )
flat = true

[node name="ButtonResetZoom" type="Button" parent="panel/vbox/hsplit/room_canvas/VPContainer/hbox"]
margin_left = 32.0
margin_right = 60.0
margin_bottom = 22.0
icon = ExtResource( 8 )
flat = true

[node name="RoomName" type="Label" parent="panel/vbox/hsplit/room_canvas/VPContainer/hbox"]
margin_left = 64.0
margin_top = 4.0
margin_right = 139.0
margin_bottom = 18.0
text = "RoomName"

[node name="AddRoomDialog" type="FileDialog" parent="."]
margin_right = 500.0
margin_bottom = 300.0
size_flags_horizontal = 0
size_flags_vertical = 0
window_title = "Open File(s)"
mode = 1
__meta__ = {
"_edit_use_anchors_": false
}

[node name="OpenFileDialog" type="FileDialog" parent="."]
margin_right = 500.0
margin_bottom = 300.0
size_flags_horizontal = 0
size_flags_vertical = 0
window_title = "Open a File"
mode = 0
filters = PoolStringArray( "*.json" )
__meta__ = {
"_edit_use_anchors_": false
}

[node name="PopupMenu" type="PopupMenu" parent="."]
margin_right = 72.0
margin_bottom = 52.0
items = [ "Rename", null, 0, false, false, 0, 0, null, "", false, "Remove", null, 0, false, false, 1, 0, null, "", false ]
__meta__ = {
"_edit_use_anchors_": false
}

[node name="DialogError" type="AcceptDialog" parent="."]
margin_right = 83.0
margin_bottom = 58.0
popup_exclusive = true
dialog_text = "Error message"
__meta__ = {
"_edit_use_anchors_": false
}

[node name="DoorEditor" parent="." instance=ExtResource( 9 )]
[connection signal="pressed" from="panel/vbox/hbox_menu/ButtonNew" to="." method="_on_ButtonNew_pressed"]
[connection signal="pressed" from="panel/vbox/hbox_menu/ButtonOpen" to="." method="_on_ButtonOpen_pressed"]
[connection signal="pressed" from="panel/vbox/hbox_menu/ButtonSave" to="." method="_on_ButtonSave_pressed"]
[connection signal="pressed" from="panel/vbox/hsplit/vbox_rooms/hbox_top/ButtonAddRoom" to="." method="_on_ButtonAddRoom_pressed"]
[connection signal="pressed" from="panel/vbox/hsplit/vbox_rooms/hbox_top/ButtonRemoveRoom" to="." method="_on_ButtonRemoveRoom_pressed"]
[connection signal="item_activated" from="panel/vbox/hsplit/vbox_rooms/scroll_list/RoomList" to="." method="_on_RoomList_item_activated"]
[connection signal="gui_input" from="panel/vbox/hsplit/room_canvas/VPContainer" to="panel/vbox/hsplit/room_canvas/VPContainer" method="_on_VPContainer_gui_input"]
[connection signal="pressed" from="panel/vbox/hsplit/room_canvas/VPContainer/hbox/ButtonCenterCanvas" to="." method="_on_ButtonCenterCanvas_pressed"]
[connection signal="pressed" from="panel/vbox/hsplit/room_canvas/VPContainer/hbox/ButtonResetZoom" to="." method="_on_ButtonResetZoom_pressed"]
[connection signal="files_selected" from="AddRoomDialog" to="." method="_on_AddRoomDialog_files_selected"]
